@misc{insideairbnb,
title = {Inside Airbnb},
author={Online},
howpublished={\url{http://insideairbnb.com}},
note={Accessed:2017-03-03},
year={2016}
}
@misc{50million,
title = {Foursquare by the numbers: 60M registered users, 50M MAUs, and 75M tips to date.},
author={Online},
howpublished={\url{http://venturebeat.com/2015/08/18/foursquare-by-the-numbers-60m-registered-users-50m-maus-and-75m-tips-to-date/
}},
note={Accessed:2017-03-10},
year={2015}
}
@article{gentrification,
  title={Holiday Rentals: The New Gentrification Battlefront},
  author={Gant, Agust{\'\i}n C{\'o}cola},
  journal={Sociological Research Online},
  volume={21},
  number={3},
  pages={10},
  year={2016}
}
note={Accessed:2017-03-03}
}
@inproceedings{backstrom2010find,
  title={Find me if you can: improving geographical prediction with social and spatial proximity},
  author={Backstrom, Lars and Sun, Eric and Marlow, Cameron},
  booktitle={Proceedings of the 19th international conference on World wide web},
  pages={61--70},
  year={2010},
  organization={ACM}
}
@article{lambiotte2008geographical,
  title={Geographical dispersal of mobile communication networks},
  author={Lambiotte, Renaud and Blondel, Vincent D and De Kerchove, Cristobald and Huens, Etienne and Prieur, Christophe and Smoreda, Zbigniew and Van Dooren, Paul},
  journal={Physica A: Statistical Mechanics and its Applications},
  volume={387},
  number={21},
  pages={5317--5325},
  year={2008},
  publisher={Elsevier}
}
@article{saramaki2007generalizations,
  title={Generalizations of the clustering coefficient to weighted complex networks},
  author={Saram{\"a}ki, Jari and Kivel{\"a}, Mikko and Onnela, Jukka-Pekka and Kaski, Kimmo and Kertesz, Janos},
  journal={Physical Review E},
  volume={75},
  number={2},
  pages={027105},
  year={2007},
  publisher={APS}
}
@article{blondel2008fast,
  title={Fast unfolding of communities in large networks},
  author={Blondel, Vincent D and Guillaume, Jean-Loup and Lambiotte, Renaud and Lefebvre, Etienne},
  journal={Journal of statistical mechanics: theory and experiment},
  volume={2008},
  number={10},
  pages={P10008},
  year={2008},
  publisher={IOP Publishing}
}

@misc{community,
title = {Community detection for NetworkX},
author={Online},
howpublished={\url{http://perso.crans.org/aynaud/communities
}},
note={Accessed:2017-03-03}
}
@article{cansoy2016gets,
  title={Who Gets to Share in the “Sharing Economy”: Understanding the Patterns of Participation and Exchange in Airbnb},
  author={Cansoy, Mehmet and Schor, Juliet},
  journal={Unpublished Paper, Boston College},
  year={2016}
}
@article{edelman2014digital,
  title={Digital discrimination: The case of airbnb. com},
  author={Edelman, Benjamin G and Luca, Michael},
  year={2014}
}

@article{rhee2011levy,
  title={On the levy-walk nature of human mobility},
  author={Rhee, Injong and Shin, Minsu and Hong, Seongik and Lee, Kyunghan and Kim, Seong Joon and Chong, Song},
  journal={IEEE/ACM transactions on networking (TON)},
  volume={19},
  number={3},
  pages={630--643},
  year={2011},
  publisher={IEEE Press}
}
@article{vazquez2013using,
  title={Using GPS technology to quantify human mobility, dynamic contacts and infectious disease dynamics in a resource-poor urban environment},
  author={Vazquez-Prokopec, Gonzalo M and Bisanzio, Donal and Stoddard, Steven T and Paz-Soldan, Valerie and Morrison, Amy C and Elder, John P and Ramirez-Paredes, Jhon and Halsey, Eric S and Kochel, Tadeusz J and Scott, Thomas W and others},
  journal={PloS one},
  volume={8},
  number={4},
  pages={e58802},
  year={2013},
  publisher={Public Library of Science}
}
@article{jiang2009characterizing,
  title={Characterizing the human mobility pattern in a large street network},
  author={Jiang, Bin and Yin, Junjun and Zhao, Sijian},
  journal={Physical Review E},
  volume={80},
  number={2},
  pages={021136},
  year={2009},
  publisher={APS}
}
@article{scellato2011socio,
  title={Socio-spatial properties of online location-based social networks.},
  author={Scellato, Salvatore and Noulas, Anastasios and Lambiotte, Renaud and Mascolo, Cecilia},
  journal={ICWSM},
  volume={11},
  pages={329--336},
  year={2011}
}
@article{noulas2011empirical,
  title={An Empirical Study of Geographic User Activity Patterns in Foursquare.},
  author={Noulas, Anastasios and Scellato, Salvatore and Mascolo, Cecilia and Pontil, Massimiliano},
  journal={ICwSM},
  volume={11},
  pages={70--573},
  year={2011}
}
@inproceedings{noulas2013exploiting,
  title={Exploiting foursquare and cellular data to infer user activity in urban environments},
  author={Noulas, Anastasios and Mascolo, Cecilia and Frias-Martinez, Enrique},
  booktitle={Mobile Data Management (MDM), 2013 IEEE 14th International Conference on},
  volume={1},
  pages={167--176},
  year={2013},
  organization={IEEE}
}
@inproceedings{hristova2016measuring,
  title={Measuring urban social diversity using interconnected geo-social networks},
  author={Hristova, Desislava and Williams, Matthew J and Musolesi, Mirco and Panzarasa, Pietro and Mascolo, Cecilia},
  booktitle={Proceedings of the 25th International Conference on World Wide Web},
  pages={21--30},
  year={2016},
  organization={International World Wide Web Conferences Steering Committee}
}